<?xml version="1.0" encoding="UTF-8"?><collection><record><leader>05632ntm a2200553 a 4500</leader><controlfield tag="001">006781942</controlfield><controlfield tag="003">MiAaHDL</controlfield><controlfield tag="005">20190719000000.0</controlfield><controlfield tag="006">m        d        </controlfield><controlfield tag="007">cr bn ---auaua</controlfield><controlfield tag="008">090518q16651699xx            00| ||ara d</controlfield><datafield tag="035" ind1=" " ind2=" "><subfield code="a">(MiU)006781942</subfield></datafield><datafield tag="035" ind1=" " ind2=" "><subfield code="a">sdr-miu006781942</subfield></datafield><datafield tag="040" ind1=" " ind2=" "><subfield code="a">MiU</subfield><subfield code="c">MiU</subfield><subfield code="e">amremm</subfield></datafield><datafield tag="043" ind1=" " ind2=" "><subfield code="a">n-us-mi</subfield></datafield><datafield tag="100" ind1="1" ind2=" "><subfield code="6">880-01</subfield><subfield code="a">ʻUthmān ibn Muṣṭafá.</subfield></datafield><datafield tag="245" ind1="1" ind2="0"><subfield code="6">880-03</subfield><subfield code="a">Zubdat al-naṣāʼiḥ,</subfield><subfield code="f">[late 17th century?].</subfield></datafield><datafield tag="246" ind1="3" ind2=" "><subfield code="i">Title from inscription on 'title page' (p.3)</subfield><subfield code="a">كتاب زبدة النصائح :</subfield><subfield code="b">وهو شرح نصائح الامام الاعظم من جوامع الكلم</subfield></datafield><datafield tag="260" ind1=" " ind2=" "><subfield code="c">[1665-1699?].</subfield></datafield><datafield tag="300" ind1=" " ind2=" "><subfield code="a">11 leaves :</subfield><subfield code="b">paper ;</subfield><subfield code="c">210 x 147 (155 x 70) mm.</subfield></datafield><datafield tag="500" ind1=" " ind2=" "><subfield code="a">Shelfmark: Ann Arbor, University of Michigan, Special Collections Library, Isl. Ms. 520</subfield></datafield><datafield tag="500" ind1=" " ind2=" "><subfield code="a">Origin: As appears in colophon on p.24, composition completed 26 Ramaḍān 1059 [ca. 3 October 1649]. Brockelmann gives the date of composition as 1039 [1629] (GAL I 168 "XVI. Naṣāʼiḥ mit Cmt. Zubdat an-N. v. ʻOṯmān b. Muṣṭafá, voll. 1039/1629"). Date of transcription for this copy unspecified though paper suggests latter 17th century.</subfield></datafield><datafield tag="500" ind1=" " ind2=" "><subfield code="a">Accompanying materials: Acquisitions slip from Yahuda. (pp.1-2).</subfield></datafield><datafield tag="500" ind1=" " ind2=" "><subfield code="a">Former shelfmark: From inner front cover and label on lower cover, "IL 154" (likely supplied by Yahuda, see acquisitions slip).</subfield></datafield><datafield tag="500" ind1=" " ind2=" "><subfield code="a">Binding: Wove paper cover (green, single sheet, limp binding without boards) ; sewing damaged with threads broken or lost ; cover ill-fitting and in poor condition with significant staining, abrasion, tears, etc.</subfield></datafield><datafield tag="500" ind1=" " ind2=" "><subfield code="a">Support: European laid paper with 9 laid lines per cm. (vertical), chain lines spaced 26 mm. apart (horizontal), watermark of scrollwork / coat of arms with three bars (see p.8, etc. and compare Armoiries (16) A. Indéterminées dated 1673-1717 in Velkov, Les Filigranes dans les documents Ottomans) and "S S" under trefoil countermark (see p.15, etc. and compare nos. 233, 238, 246, 259, and 265a dated 1669-1684 in Nikolaev, Watermarks of the Ottoman Empire, vol. 1).</subfield></datafield><datafield tag="500" ind1=" " ind2=" "><subfield code="a">Decoration: Keywords and abbreviation symbols rubricated ; textual dividers in the form of red discs ; overlining in red.</subfield></datafield><datafield tag="500" ind1=" " ind2=" "><subfield code="a">Script: Nastaʻlīq (talik) ; Turkish hand in a bold line ; virtually serifless with effect of tilt to the right, only very slight effect of words descending to baseline, mainly closed counters, exaggerated thickness of horizontal strokes, some sweeping descenders, pointing in strokes, letterforms characteristic of nastaʻlīq.</subfield></datafield><datafield tag="500" ind1=" " ind2=" "><subfield code="a">Layout: Written in 21 lines per page ; frame-ruled.</subfield></datafield><datafield tag="500" ind1=" " ind2=" "><subfield code="a">Collation: V+1 (11) ; catchwords present ; pagination in pencil, Western numerals, supplied during digitization (includes insert).</subfield></datafield><datafield tag="500" ind1=" " ind2=" "><subfield code="a">Colophon: "Authorial," triangular, reads "تم تأليفه بين الصلوتين في اليوم السادس والعشرون [كذا] من شهر رمضان في سنة تسع وخمسين والف من الهجرة النبوية ... انك انت الوهاب تمت"</subfield></datafield><datafield tag="500" ind1=" " ind2=" "><subfield code="a">Explicit: "وان تموت بقلب سليم ان الله غفور رحيم استئناف تعليلي بحسن الظن وغلبة الرجاء الحمد لله حمدا كثيرا على الاتمام والصلوة والسلام على نبينا محمد واله الكرام"</subfield></datafield><datafield tag="500" ind1=" " ind2=" "><subfield code="a">Incipit: "لحمد لله الذي ارسل رسول محمد بالكتاب والسنة عليه الصلوة والسلام من الله والملائكة والامة ... اما بعد فيقول العبد الضعيف المذنب المعترف بالعجز والتقصير عثمان بن مصطفى المعلق بمحبة الله وحبيبه المصطفى لما كان نصائح الامام من جوامع الكلم اردت شرحها وكشفها بالكلم وسميته زبدة النصائح وقديما كان يختلج في صدري ان اشرحها ولكن لم يساعدني الزمان والآن نشاء سبب داع الى الشرح والبيان وهو الايجاء والالحاح من اختص الاخوان ..."</subfield></datafield><datafield tag="500" ind1=" " ind2=" "><subfield code="a">Title from opening on p.4.</subfield></datafield><datafield tag="500" ind1=" " ind2=" "><subfield code="a">Ms. codex.</subfield></datafield><datafield tag="510" ind1="4" ind2=" "><subfield code="a">Nikolaev, Vsevolod. Watermarks of the mediaeval Ottoman documents in Bulgarian libraries. In Watermarks of the Ottoman Empire, volume 1. Sofia: Bulgarian Academy of Sciences, 1954.</subfield></datafield><datafield tag="510" ind1="4" ind2=" "><subfield code="a">Velkov, Asparouh. Les Filigranes dans les documents Ottomans: divers types d’images. Sofia: Éditions "Texte - A. Trayanov", 2005.</subfield></datafield><datafield tag="510" ind1="4" ind2=" "><subfield code="a">Brockelmann, C. GAL,</subfield><subfield code="c">I 168 (XVI.) ; S I 287</subfield></datafield><datafield tag="520" ind1="8" ind2=" "><subfield code="a">Clear copy of a commentary on pious precepts (Naṣāʼiḥ al-Imām min jawāmiʻ al-kalim) attributed to al-Imām al-Aʻẓam, Abū Ḥanīfah al-Nuʻmān ibn Thābit (d.767).</subfield></datafield><datafield tag="538" ind1=" " ind2=" "><subfield code="a">Mode of access: Internet.</subfield></datafield><datafield tag="541" ind1=" " ind2=" "><subfield code="a">Acquired in 1926 from the bookseller Isaac Benjamin S.E. Yahuda via purchase transacted on his behalf by Abraham Shalom Yahuda (1877-1951), his younger brother.</subfield></datafield><datafield tag="546" ind1=" " ind2=" "><subfield code="a">Arabic.</subfield></datafield><datafield tag="561" ind1=" " ind2=" "><subfield code="a">Marginal and interlinear corrections.</subfield></datafield><datafield tag="600" ind1="0" ind2="0"><subfield code="a">Abū Ḥanīfah,</subfield><subfield code="d">d. 767 or 8.</subfield><subfield code="t">Naṣāʼiḥ al-Imām min jawāmiʻ al-kalim.</subfield></datafield><datafield tag="650" ind1=" " ind2="0"><subfield code="a">Manuscripts, Arabic</subfield><subfield code="z">Michigan</subfield><subfield code="z">Ann Arbor.</subfield></datafield><datafield tag="650" ind1=" " ind2="0"><subfield code="a">Hanafites</subfield><subfield code="v">Early works to 1800.</subfield></datafield><datafield tag="773" ind1="0" ind2=" "><subfield code="a">Yahuda Collection.</subfield></datafield><datafield tag="880" ind1="1" ind2="0"><subfield code="6">245-03/</subfield><subfield code="a">زبدة النصائح,</subfield><subfield code="f">[اواخر القرن 17م؟].</subfield></datafield><datafield tag="880" ind1="1" ind2=" "><subfield code="6">100-01/</subfield><subfield code="a">عثمان بن مصطفى.</subfield></datafield><datafield tag="CID" ind1=" " ind2=" "><subfield code="a">006781942</subfield></datafield><datafield tag="DAT" ind1="0" ind2=" "><subfield code="a">20190719102635.0</subfield><subfield code="b">20190719000000.0</subfield></datafield><datafield tag="DAT" ind1="1" ind2=" "><subfield code="a">20190719090653.0</subfield><subfield code="b">2019-07-19T16:11:28Z</subfield></datafield><datafield tag="DAT" ind1="2" ind2=" "><subfield code="a">2015-10-02T18:00:03Z</subfield></datafield><datafield tag="CAT" ind1=" " ind2=" "><subfield code="a">SDR-MIU</subfield><subfield code="d">EX LIBRIS - ALEPH</subfield><subfield code="l">prepare.pl-004-008</subfield></datafield><datafield tag="FMT" ind1=" " ind2=" "><subfield code="a">BK</subfield></datafield><datafield tag="HOL" ind1=" " ind2=" "><subfield code="0">sdr-miu006781942</subfield><subfield code="a">MiU</subfield><subfield code="b">SDR</subfield><subfield code="c">MIU</subfield><subfield code="p">mdp.39015079125657</subfield><subfield code="s">MIU</subfield><subfield code="1">006781942</subfield></datafield><datafield tag="974" ind1=" " ind2=" "><subfield code="b">MIU</subfield><subfield code="c">MIU</subfield><subfield code="d">20190719</subfield><subfield code="s">lit-dlps-dc</subfield><subfield code="u">mdp.39015079125657</subfield><subfield code="y">1699</subfield><subfield code="r">pd</subfield><subfield code="q">bib</subfield><subfield code="t">non-US bib date2 &lt; 1879</subfield></datafield></record></collection>